% Encoding: UTF-8

@article{ct,
	author = {Peng, Joanne and Lee, Kuk and Ingersoll, Gary},
	year = {2002},
	month = {09},
	pages = {3-14},
	title = {An Introduction to Logistic Regression Analysis and Reporting},
	volume = {96},
	journal = {Journal of Educational Research - J EDUC RES},
	doi = {10.1080/00220670209598786}
}